<?xml version="1.0" encoding="UTF-8"?>
<record xmlns="http://www.loc.gov/MARC21/slim" xmlns:zs="http://docs.oasis-open.org/ns/search-ws/sruResponse">
 <leader>
  07917cpcaa22010457i 4500
 </leader>
 <controlfield tag="001">
  17813003
 </controlfield>
 <controlfield tag="005">
  20220715150009.0
 </controlfield>
 <controlfield tag="007">
  st ||n|mn||n|e
 </controlfield>
 <controlfield tag="008">
  130715i19631984sj                  mul
 </controlfield>
 <datafield ind1=" " ind2=" " tag="906">
  <subfield code="a">
   7
  </subfield>
  <subfield code="b">
   cbc
  </subfield>
  <subfield code="c">
   orignew
  </subfield>
  <subfield code="d">
   u
  </subfield>
  <subfield code="e">
   ncip
  </subfield>
  <subfield code="f">
   20
  </subfield>
  <subfield code="g">
   y-folklife
  </subfield>
 </datafield>
 <datafield ind1=" " ind2=" " tag="955">
  <subfield code="a">
   mkru 2013-07-15
  </subfield>
  <subfield code="a">
   mseg 2013-11-22
  </subfield>
  <subfield code="a">
   mseg 2013-12-19
  </subfield>
  <subfield code="a">
   mseg 2013-12-23
  </subfield>
  <subfield code="a">
   mkru 2015-05-20
  </subfield>
  <subfield code="a">
   mkru 2017-11-22
  </subfield>
  <subfield code="a">
   mkru 2017-12-05
  </subfield>
  <subfield code="a">
   mseg 2018-01-08
  </subfield>
  <subfield code="a">
   mkru 2018-04-02
  </subfield>
  <subfield code="a">
   masmit 2022-07-15
  </subfield>
 </datafield>
 <datafield ind1="2" ind2="0" tag="033">
  <subfield code="a">
   1963----
  </subfield>
  <subfield code="a">
   1983----
  </subfield>
 </datafield>
 <datafield ind1=" " ind2=" " tag="010">
  <subfield code="a">
   2013655344
  </subfield>
 </datafield>
 <datafield ind1=" " ind2=" " tag="040">
  <subfield code="a">
   DLC
  </subfield>
  <subfield code="c">
   DLC
  </subfield>
  <subfield code="e">
   dacs
  </subfield>
  <subfield code="d">
   DLC
  </subfield>
 </datafield>
 <datafield ind1=" " ind2=" " tag="041">
  <subfield code="d">
   mul
  </subfield>
  <subfield code="d">
   ara
  </subfield>
  <subfield code="g">
   eng
  </subfield>
 </datafield>
 <datafield ind1=" " ind2=" " tag="043">
  <subfield code="a">
   fn-----
  </subfield>
  <subfield code="a">
   f------
  </subfield>
  <subfield code="a">
   n-cn-on
  </subfield>
 </datafield>
 <datafield ind1=" " ind2=" " tag="090">
  <subfield code="a">
   RXH 5847-6031; RYO 2293-2295; VAP 7651-7652; VBW 5271
  </subfield>
 </datafield>
 <datafield ind1=" " ind2=" " tag="090">
  <subfield code="a">
   AFC 2012/008
  </subfield>
 </datafield>
 <datafield ind1="0" ind2="0" tag="245">
  <subfield code="a">
   Roxane Connick Carlisle collection,
  </subfield>
  <subfield code="f">
   1963-1984.
  </subfield>
 </datafield>
 <datafield ind1=" " ind2=" " tag="300">
  <subfield code="a">
   3007
  </subfield>
  <subfield code="f">
   items.
  </subfield>
 </datafield>
 <datafield ind1=" " ind2=" " tag="300">
  <subfield code="3">
   manuscripts
  </subfield>
  <subfield code="a">
   876 sheets
  </subfield>
 </datafield>
 <datafield ind1=" " ind2=" " tag="300">
  <subfield code="3">
   sound recordings
  </subfield>
  <subfield code="a">
   190 sound tapes (reels, cassettes) :
  </subfield>
  <subfield code="b">
   analog ;
  </subfield>
  <subfield code="c">
   various sizes
  </subfield>
 </datafield>
 <datafield ind1=" " ind2=" " tag="300">
  <subfield code="3">
   sound recordings
  </subfield>
  <subfield code="a">
   1 sound disc :
  </subfield>
  <subfield code="b">
   analog, 33 1/3 rpm ;
  </subfield>
  <subfield code="c">
   12 in.
  </subfield>
 </datafield>
 <datafield ind1=" " ind2=" " tag="300">
  <subfield code="3">
   moving images
  </subfield>
  <subfield code="a">
   2 videocassettes (VHS) :
  </subfield>
  <subfield code="b">
   sound, color ;
  </subfield>
  <subfield code="c">
   1/2 in.
  </subfield>
 </datafield>
 <datafield ind1=" " ind2=" " tag="300">
  <subfield code="3">
   moving images
  </subfield>
  <subfield code="a">
   1 videocassette (U-Matic) :
  </subfield>
  <subfield code="b">
   sound, color ;
  </subfield>
  <subfield code="c">
   3/4 in.
  </subfield>
 </datafield>
 <datafield ind1=" " ind2=" " tag="300">
  <subfield code="3">
   moving images
  </subfield>
  <subfield code="a">
   1 film reel
  </subfield>
 </datafield>
 <datafield ind1=" " ind2=" " tag="300">
  <subfield code="3">
   graphic materials
  </subfield>
  <subfield code="a">
   1532 photographs :
  </subfield>
  <subfield code="b">
   slides, black-and-white, color
  </subfield>
 </datafield>
 <datafield ind1=" " ind2=" " tag="300">
  <subfield code="3">
   graphic materials
  </subfield>
  <subfield code="a">
   278 photographic prints :
  </subfield>
  <subfield code="b">
   black-and white, color ;
  </subfield>
  <subfield code="c">
   various sizes
  </subfield>
 </datafield>
 <datafield ind1=" " ind2=" " tag="300">
  <subfield code="3">
   graphic materials
  </subfield>
  <subfield code="a">
   24 contact sheet :
  </subfield>
  <subfield code="b">
   black-and-white
  </subfield>
 </datafield>
 <datafield ind1=" " ind2=" " tag="300">
  <subfield code="3">
   graphic materials
  </subfield>
  <subfield code="a">
   101 negative strips :
  </subfield>
  <subfield code="b">
   black-and-white ;
  </subfield>
  <subfield code="c">
   35 mm
  </subfield>
 </datafield>
 <datafield ind1=" " ind2=" " tag="300">
  <subfield code="a">
   1 artifact
  </subfield>
 </datafield>
 <datafield ind1="0" ind2=" " tag="511">
  <subfield code="a">
   Various performers and interviewees.
  </subfield>
 </datafield>
 <datafield ind1=" " ind2=" " tag="518">
  <subfield code="a">
   Recorded at various locations.
  </subfield>
 </datafield>
 <datafield ind1=" " ind2=" " tag="520">
  <subfield code="a">
   Collection of field recordings, photographs, video recordings, a film, and manuscripts created by Roxane Connick Carlisle primarily in Darfur Province and other locations in the Sudan region, which now includes South Sudan, from 1963-1968. The collection also includes photographs of musicians, musical instruments, markets, gardens, buildings, weddings, and wildlife taken in Sudan, Somalia, Kenya, and Uganda from 1963-1968. Includes field recordings of music of various groups and photographs of musicians including Anuak, Baggara, Beni Halba, Bederiya, Dinka, Fur, Nuer, Ingessana, Shilluk, Ta'isha, Zaghawa, and other people, documenting wedding music, women's song and poetry traditions, and other music and ceremonies. The collection includes eight audio tape reels of oud music, songs, and interviews with noted Sudanese musician Abdel Karim el Kably recorded in 1963. The collection also includes recordings of the radio series, "Listen to the World" from 1971-1973, broadcast on CHEX-FM, Peterborough, Ontario. The shows were produced, written, and narrated by Roxane Connick Carlisle.  Sound recordings for radio programs, demonstration, and teaching ethnomusicology include music from Afghanistan, other locations in Africa (Ethiopia, Burundi, and more), Australia and Papua New Guinea, Brazil, Bulgaria, China, India, Indonesia, Japan, North American Indian, Philippines, Polynesia, Southeast Asia, and Spain, and include recordings for Alan Lomax's Cantometrics project.  The collection includes recordings of several speeches and interviews by Roxane Carlisle, including her interview with Ahmed Diraige, governor of Darfur, March 1983.
  </subfield>
 </datafield>
 <datafield ind1="8" ind2=" " tag="524">
  <subfield code="a">
   Roxane Connick Carlisle collection (AFC 2012/008), Archive of Folk Culture, American Folklife Center, Library of Congress, Washington, D.C.
  </subfield>
 </datafield>
 <datafield ind1="0" ind2=" " tag="506">
  <subfield code="a">
   Collection is open for research. To request materials, please contact the Folklife Reading Room at
  </subfield>
  <subfield code="u">
   http://hdl.loc.gov/loc.afc/folklife.contact
  </subfield>
 </datafield>
 <datafield ind1=" " ind2=" " tag="540">
  <subfield code="a">
   Duplication of collection materials may be governed by copyright and other restrictions.
  </subfield>
 </datafield>
 <datafield ind1=" " ind2=" " tag="541">
  <subfield code="a">
   Roxane Connick Carlisle;
  </subfield>
  <subfield code="c">
   Donation ;
  </subfield>
  <subfield code="d">
   2012.
  </subfield>
 </datafield>
 <datafield ind1=" " ind2=" " tag="545">
  <subfield code="a">
   Roxane Connick Carlisle has served as President of the Institute for Development of Education through the Arts (1987-1990), worked as Special Advisor to the President on the Integration of Women in Development, Canadian International Development Agency (CIDA; 1976-1983), and taught anthropology at Trent University, Peterborough, Ontario, Canada (1970-1972), in addition to other roles in sponsored travel and research (including a Fulbright Fellowship, 1962-1963). She did fieldwork in 1963 and 1967 in various areas of the Sudan, before South Sudan gained its independence, and documented various aspects of cultural traditions for several tribes. She has worked for the Canadian International Development Agency, in part to provide research and guidance towards programs that improve the welfare of women in developing countries. As an ethnomusicologist and educator, she has published works that support the inclusion of world music in universities. Her radio program, "Listen to the World" was an early introduction to world music for a general audience. Carlisle's career has been, in its many aspects, a means by which traditions on the verge of change are documented, maintained (in memory if not in practice), and shared with various audiences.
  </subfield>
 </datafield>
 <datafield ind1=" " ind2=" " tag="546">
  <subfield code="a">
   In English, Arabic, and sung in other languages.
  </subfield>
 </datafield>
 <datafield ind1=" " ind2=" " tag="555">
  <subfield code="a">
   Finding aid is available in the Folklife Reading Room, Library of Congress and online
  </subfield>
  <subfield code="u">
   http://hdl.loc.gov/loc.afc/eadafc.af017005
  </subfield>
 </datafield>
 <datafield ind1=" " ind2=" " tag="581">
  <subfield code="a">
   Publication: Carlisle, Roxane Connick.  Women Singers in Darfur, Sudan Republic.  Anthropos,  Bd. 68, H. 5/6 (1973), pp. 785-800.
  </subfield>
 </datafield>
 <datafield ind1=" " ind2=" " tag="581">
  <subfield code="a">
   Publication: Sudan: the Music and Songs of Abdel Karim el Kably (Afrotone STLP-500, 196u)
  </subfield>
 </datafield>
 <datafield ind1="1" ind2="0" tag="600">
  <subfield code="a">
   Carlisle, Roxane Connick
  </subfield>
  <subfield code="x">
   Ethnomusicological collections.
  </subfield>
 </datafield>
 <datafield ind1="1" ind2="0" tag="600">
  <subfield code="a">
   Kābilī, ʻAbd al-Karīm
  </subfield>
  <subfield code="v">
   Interviews.
  </subfield>
 </datafield>
 <datafield ind1="1" ind2="0" tag="600">
  <subfield code="a">
   Turnbull, Colin M.
  </subfield>
  <subfield code="v">
   Photographs.
  </subfield>
 </datafield>
 <datafield ind1=" " ind2="0" tag="650">
  <subfield code="a">
   Arabs
  </subfield>
  <subfield code="z">
   Sudan
  </subfield>
  <subfield code="v">
   Music.
  </subfield>
 </datafield>
 <datafield ind1=" " ind2="0" tag="650">
  <subfield code="a">
   Arabs
  </subfield>
  <subfield code="z">
   South Sudan
  </subfield>
  <subfield code="v">
   Music.
  </subfield>
 </datafield>
 <datafield ind1=" " ind2="0" tag="650">
  <subfield code="a">
   Music
  </subfield>
  <subfield code="z">
   Sudan.
  </subfield>
 </datafield>
 <datafield ind1=" " ind2="0" tag="650">
  <subfield code="a">
   Music
  </subfield>
  <subfield code="z">
   South Sudan
  </subfield>
 </datafield>
 <datafield ind1=" " ind2="0" tag="650">
  <subfield code="a">
   Musical instruments
  </subfield>
  <subfield code="z">
   Sudan.
  </subfield>
 </datafield>
 <datafield ind1=" " ind2="0" tag="650">
  <subfield code="a">
   Musical instruments
  </subfield>
  <subfield code="z">
   South Sudan.
  </subfield>
 </datafield>
 <datafield ind1=" " ind2="0" tag="650">
  <subfield code="a">
   Women singers
  </subfield>
  <subfield code="z">
   Sudan.
  </subfield>
 </datafield>
 <datafield ind1=" " ind2="0" tag="650">
  <subfield code="a">
   Weddings
  </subfield>
  <subfield code="z">
   Sudan.
  </subfield>
 </datafield>
 <datafield ind1=" " ind2="0" tag="650">
  <subfield code="a">
   Weddings
  </subfield>
  <subfield code="z">
   South Sudan.
  </subfield>
 </datafield>
 <datafield ind1=" " ind2="0" tag="650">
  <subfield code="a">
   Wedding music.
  </subfield>
 </datafield>
 <datafield ind1=" " ind2="0" tag="650">
  <subfield code="a">
   Ethnomusicology.
  </subfield>
 </datafield>
 <datafield ind1=" " ind2="0" tag="650">
  <subfield code="a">
   Anuak (African people)
  </subfield>
  <subfield code="x">
   Social life and customs
  </subfield>
  <subfield code="v">
   Photographs.
  </subfield>
 </datafield>
 <datafield ind1=" " ind2="0" tag="650">
  <subfield code="a">
   Baggara (African people)
  </subfield>
  <subfield code="v">
   Music.
  </subfield>
 </datafield>
 <datafield ind1=" " ind2="0" tag="650">
  <subfield code="a">
   Dinka (African people)
  </subfield>
  <subfield code="x">
   Social life and customs
  </subfield>
  <subfield code="v">
   Photographs.
  </subfield>
 </datafield>
 <datafield ind1=" " ind2="0" tag="650">
  <subfield code="a">
   Fur (African people)
  </subfield>
  <subfield code="v">
   Music.
  </subfield>
 </datafield>
 <datafield ind1=" " ind2="0" tag="650">
  <subfield code="a">
   Hamar (African people)
  </subfield>
  <subfield code="v">
   Music.
  </subfield>
 </datafield>
 <datafield ind1=" " ind2="0" tag="650">
  <subfield code="a">
   Nuer (African people)
  </subfield>
  <subfield code="x">
   Social life and customs
  </subfield>
  <subfield code="v">
   Photographs.
  </subfield>
 </datafield>
 <datafield ind1=" " ind2="0" tag="650">
  <subfield code="a">
   Päri (African people)
  </subfield>
  <subfield code="x">
   Social life and customs
  </subfield>
  <subfield code="v">
   Photographs.
  </subfield>
 </datafield>
 <datafield ind1=" " ind2="0" tag="650">
  <subfield code="a">
   Shilluk (African people)
  </subfield>
  <subfield code="x">
   Social life and customs
  </subfield>
  <subfield code="v">
   Photographs.
  </subfield>
 </datafield>
 <datafield ind1=" " ind2="0" tag="650">
  <subfield code="a">
   Taaisha (African people)
  </subfield>
  <subfield code="v">
   Music.
  </subfield>
 </datafield>
 <datafield ind1=" " ind2="0" tag="650">
  <subfield code="a">
   Zaghawa (African people)
  </subfield>
  <subfield code="v">
   Music.
  </subfield>
 </datafield>
 <datafield ind1=" " ind2="0" tag="650">
  <subfield code="a">
   Songs, Arabic.
  </subfield>
 </datafield>
 <datafield ind1=" " ind2="0" tag="650">
  <subfield code="a">
   Folk music
  </subfield>
  <subfield code="z">
   Sudan.
  </subfield>
 </datafield>
 <datafield ind1=" " ind2="0" tag="651">
  <subfield code="a">
   Dārfūr al-Janūbīyah (Sudan : Province)
  </subfield>
 </datafield>
 <datafield ind1=" " ind2="0" tag="651">
  <subfield code="a">
   Dārfūr al-Shamālīyah (Sudan : Province)
  </subfield>
 </datafield>
 <datafield ind1=" " ind2="0" tag="651">
  <subfield code="a">
   Sudan
  </subfield>
  <subfield code="x">
   Social life and customs.
  </subfield>
 </datafield>
 <datafield ind1=" " ind2="0" tag="651">
  <subfield code="a">
   South Sudan
  </subfield>
  <subfield code="x">
   Social life and customs.
  </subfield>
 </datafield>
 <datafield ind1=" " ind2="0" tag="651">
  <subfield code="a">
   Sudan (Region)
  </subfield>
 </datafield>
 <datafield ind1=" " ind2="7" tag="655">
  <subfield code="a">
   Field recordings.
  </subfield>
  <subfield code="2">
   lcgft
  </subfield>
 </datafield>
 <datafield ind1=" " ind2="7" tag="655">
  <subfield code="a">
   Oral histories.
  </subfield>
  <subfield code="2">
   lcgft
  </subfield>
 </datafield>
 <datafield ind1=" " ind2="7" tag="655">
  <subfield code="a">
   Songs.
  </subfield>
  <subfield code="2">
   lcgft
  </subfield>
 </datafield>
 <datafield ind1=" " ind2="7" tag="655">
  <subfield code="a">
   Interviews.
  </subfield>
  <subfield code="2">
   lcgft
  </subfield>
 </datafield>
 <datafield ind1=" " ind2="7" tag="655">
  <subfield code="a">
   Folk music radio programs.
  </subfield>
  <subfield code="2">
   lcgft
  </subfield>
 </datafield>
 <datafield ind1=" " ind2="7" tag="655">
  <subfield code="a">
   Photographs
  </subfield>
  <subfield code="x">
   Color
  </subfield>
  <subfield code="y">
   1960-1970.
  </subfield>
  <subfield code="2">
   gmgpc
  </subfield>
 </datafield>
 <datafield ind1=" " ind2="7" tag="655">
  <subfield code="a">
   Sound recordings.
  </subfield>
  <subfield code="2">
   lcgft
  </subfield>
 </datafield>
 <datafield ind1=" " ind2="7" tag="655">
  <subfield code="a">
   Videocassettes.
  </subfield>
  <subfield code="2">
   aat
  </subfield>
 </datafield>
 <datafield ind1=" " ind2="7" tag="655">
  <subfield code="a">
   Manuscripts.
  </subfield>
  <subfield code="2">
   aat
  </subfield>
 </datafield>
 <datafield ind1=" " ind2="7" tag="655">
  <subfield code="a">
   Correspondence.
  </subfield>
  <subfield code="2">
   aat
  </subfield>
 </datafield>
 <datafield ind1="1" ind2=" " tag="700">
  <subfield code="a">
   Carlisle, Roxane Connick,
  </subfield>
  <subfield code="e">
   collector.
  </subfield>
 </datafield>
 <datafield ind1="1" ind2=" " tag="700">
  <subfield code="a">
   Kābilī, ʻAbd al-Karīm,
  </subfield>
  <subfield code="d">
   1933-
  </subfield>
  <subfield code="e">
   performer.
  </subfield>
 </datafield>
 <datafield ind1=" " ind2=" " tag="852">
  <subfield code="a">
   Library of Congress
  </subfield>
  <subfield code="b">
   Archive of Folk Culture, American Folklife Center,
  </subfield>
  <subfield code="e">
   101 Independence Ave. S.E., Washington, DC USA 20540-4610
  </subfield>
  <subfield code="u">
   http://hdl.loc.gov/loc.afc/folklife.home
  </subfield>
 </datafield>
 <datafield ind1="4" ind2="2" tag="856">
  <subfield code="3">
   Finding aid
  </subfield>
  <subfield code="u">
   http://hdl.loc.gov/loc.afc/eadafc.af017005
  </subfield>
 </datafield>
 <datafield ind1=" " ind2=" " tag="985">
  <subfield code="a">
   afc/coll
  </subfield>
 </datafield>
 <datafield ind1=" " ind2=" " tag="985">
  <subfield code="a">
   afc/ead
  </subfield>
 </datafield>
</record>
